<record><leader>00000cas a22000007a 4500</leader><controlfield tag="001">20557640</controlfield><controlfield tag="008">891027d19201932maudn ne      0    0eng d</controlfield><datafield ind1=" " ind2=" " tag="010"><subfield code="a">sn 89062225 </subfield></datafield><datafield ind1=" " ind2=" " tag="040"><subfield code="a">MGN</subfield><subfield code="b">eng</subfield><subfield code="c">MGN</subfield><subfield code="d">OCL</subfield><subfield code="d">OCLCQ</subfield><subfield code="d">OCLCF</subfield><subfield code="d">OCLCO</subfield></datafield><datafield ind1=" " ind2=" " tag="043"><subfield code="a">n-us-ma</subfield></datafield><datafield ind1="0" ind2="0" tag="245"><subfield code="a">Greenfield daily recorder.</subfield></datafield><datafield ind1=" " ind2=" " tag="260"><subfield code="a">Greenfield, Mass. :</subfield><subfield code="b">[s.n.],</subfield><subfield code="c">1920-1932.</subfield></datafield><datafield ind1=" " ind2=" " tag="300"><subfield code="a">13 v.</subfield></datafield><datafield ind1=" " ind2=" " tag="310"><subfield code="a">Daily (except Sun.)</subfield></datafield><datafield ind1="0" ind2=" " tag="362"><subfield code="a">Vol. 21, no. 1 (Jan. 5, 1920)-v. 33, no. 148 (June 25, 1932).</subfield></datafield><datafield ind1=" " ind2="0" tag="651"><subfield code="a">Greenfield (Mass.)</subfield><subfield code="v">Newspapers.</subfield></datafield><datafield ind1=" " ind2="7" tag="655"><subfield code="a">Newspapers.</subfield><subfield code="2">fast</subfield><subfield code="0">(OCoLC)fst01423814</subfield></datafield><datafield ind1=" " ind2="7" tag="651"><subfield code="a">Massachusetts</subfield><subfield code="z">Greenfield.</subfield><subfield code="2">fast</subfield><subfield code="0">(OCoLC)fst01208547</subfield></datafield><datafield ind1=" " ind2=" " tag="752"><subfield code="a">United States</subfield><subfield code="b">Massachusetts</subfield><subfield code="c">Franklin</subfield><subfield code="d">Greenfield.</subfield></datafield><datafield ind1="0" ind2="0" tag="780"><subfield code="t">Greenfield recorder (Greenfield, Mass. : 1900)</subfield><subfield code="w">(DLC)sn 86063521</subfield><subfield code="w">(OCoLC)13279650</subfield></datafield><datafield ind1="0" ind2="7" tag="785"><subfield code="t">Gazette and courier</subfield><subfield code="w">(DLC)sn 83021071</subfield><subfield code="w">(OCoLC)9771321</subfield></datafield><datafield ind1="0" ind2="7" tag="785"><subfield code="t">Daily recorder-gazette</subfield><subfield code="w">(DLC)sn 89062231</subfield><subfield code="w">(OCoLC)20580296</subfield></datafield></record>